
@book{siegwart2011introduction,
  title={Introduction to autonomous mobile robots},
  author={Siegwart, Roland and Nourbakhsh, Illah Reza and Scaramuzza, Davide},
  year={2011},
  publisher={MIT press}
}


@article{thrun2006probalistic,
  title={Probalistic robotics},
  author={Thrun, Sebastian and Burgard, Wolfram and Fox, Dieter},
  journal={Kybernetes},
  year={2006},
  publisher={Emerald Group Publishing Limited}
}


@article{romero2014robotica,
  title={Rob{\'o}tica m{\'o}vel},
  author={Romero, Roseli AF and Prestes, Edson and Os{\'o}rio, Fernando and Wolf, Denis},
  journal={Sao Paulo: LTC},
  year={2014}
}


@book{craig2009introduction,
	address = {Upper Saddle River, N.J},
	edition = {3rd ed},
	title = {Introduction to robotics: mechanics and control},
	isbn = {9780201543612},
	shorttitle = {Introduction to robotics},
	publisher = {Pearson/Prentice Hall},
	author = {Craig, John J.},
	year = {2005},
	keywords = {Robotics},
}


@book{siciliano2016springer,
  title={Springer handbook of robotics},
  author={Siciliano, Bruno and Khatib, Oussama},
  year={2016},
  publisher={springer}
}

@book{lynch2017modern,
  title={Modern Robotics},
  author={Lynch, Kevin M and Park, Frank C},
  year={2017},
  publisher={Cambridge University Press}
}

@book{klancar2017wheeled,
  title={Wheeled mobile robotics: from fundamentals towards autonomous systems},
  author={Klancar, Gregor and Zdesar, Andrej and Blazic, Saso and Skrjanc, Igor},
  year={2017},
  publisher={Butterworth-Heinemann}
}

@book{joseph2017ros,
  title={ROS Robotics Projects},
  author={Joseph, Lentin},
  year={2017},
  publisher={Packt Publishing Ltd}
}

@book{martinez2013learning,
  title={Learning ROS for robotics programming},
  author={Martinez, Aaron and Fern{\'a}ndez, Enrique},
  year={2013},
  publisher={Packt Publishing Ltd}
}


@incollection{garcia2017comparative,
  title={Comparative analysis between fuzzy logic control, lqr control with kalman filter and pid control for a two wheeled inverted pendulum},
  author={Garc{\'\i}a, Karen Viviana Chate and Ram{\'\i}rez, Oscar Eduardo Prado and Rodas, Carlos Felipe Rengifo},
  booktitle={Advances in Automation and Robotics Research in Latin America},
  pages={144--156},
  year={2017},
  publisher={Springer}
}


@misc{noauthor_ros,
  author ={ROS},
	title = {{ROS}.org {\textbar} {Powering} the world's robots},
	howpublished = {\url{https://www.ros.org/}},
	note = {Online; accessed 28 January 2021} ,
	urldate = {2021-28-02},
  year=2021}}

 @misc{jeffcourse_2007, 
 title={Robotic Manipulation: Analysis and Algorithms},
 url={https://www.cs.rpi.edu/~trink/Courses/RobotManipulation/CSCI6965.html}, 
 journal={Jeff Trinkle's Manipulation Planning Course}, year={2007}, month={Mar}}}
 

 @misc{noauthor_anydrive,
  author ={ANYBotics},
	title = {D3.1 SEA with integrated electronics},
	howpublished = {\url{http://echord.eu/public/wp-content/uploads/2018/01/D3.3-Integrated-Electronics-MODUL.pdf}},
	note = {Online; accessed 04 April 2021} ,
	urldate = {2016-03-04},
  year=2016}}

  @book{nuchter20083d,
  title={3D robotic mapping: the simultaneous localization and mapping problem with six degrees of freedom},
  author={N{\"u}chter, Andreas},
  volume={52},
  year={2008},
  publisher={Springer}
}


@article{opencv_library,
    author = {Bradski, G.},
    citeulike-article-id = {2236121},
    journal = {Dr. Dobb's Journal of Software Tools},
    keywords = {bibtex-import},
    posted-at = {2008-01-15 19:21:54},
    priority = {4},
    title = {{The OpenCV Library}},
    year = {2000}
}

@article{zanuttigh2016time,
  title={Time-of-flight and structured light depth cameras},
  author={Zanuttigh, Pietro and Marin, Giulio and Dal Mutto, Carlo and Dominio, Fabio and Minto, Ludovico and Cortelazzo, Guido Maria},
  journal={Technology and Applications},
  pages={978--3},
  year={2016},
  publisher={Springer}
}


@article{Zhou2018,
   author  = {Qian-Yi Zhou and Jaesik Park and Vladlen Koltun},
   title   = {{Open3D}: {A} Modern Library for {3D} Data Processing},
   journal = {arXiv:1801.09847},
   year    = {2018},
}

@inproceedings{wang2015fast,
  title={A fast approach for vehicle-like region proposal based on 3d lidar data},
  author={Wang, Zhiyu and Dai, Bin and Fu, Hao},
  booktitle={2015 7th International Conference on Intelligent Human-Machine Systems and Cybernetics},
  volume={2},
  pages={508--512},
  year={2015},
  organization={IEEE}
}


@inproceedings{prochazkova2018notes,
  title={Notes on Iterative Closest Point Algorithm},
  author={Proch{\'a}zkov{\'a}, J and Marti{\v{s}}ek, D},
  booktitle={17th Conference on Applied Mathematics APLIMAT, Bratislava},
  year={2018}
}